@ARTICLE{1391031,
  author={Haykin, S.},
  journal={IEEE Journal on Selected Areas in Communications},
  title={Cognitive radio: brain-empowered wireless communications},
  year={2005},
  volume={23},
  number={2},
  pages={201-220},
  keywords={Cognitive radio;Wireless communication;Interference;Radio spectrum management;Electromagnetic spectrum;Intelligent systems;Channel estimation;Predictive models;Radio control;Temperature control;Awareness;channel-state estimation and predictive modeling;cognition;competition and cooperation;emergent behavior;interference temperature;machine learning;radio-scene analysis;rate feedback;spectrum analysis;spectrum holes;spectrum management;stochastic games;transmit-power control;water filling},
  doi={10.1109/JSAC.2004.839380}}
