@INPROCEEDINGS{8469875,
  author={Corchero, Cristina and Sanmarti, Manel},
  booktitle={2018 15th International Conference on the European Energy Market (EEM)},
  title={Vehicle- to- Everything (V2X): Benefits and Barriers},
  year={2018},
  volume={},
  number={},
  pages={1-4},
  keywords={Vehicle-to-grid;Electric potential;Batteries;Remuneration;Electric vehicles;charging stations;vehicle-to-grid;smart grid;technology barriers},
  doi={10.1109/EEM.2018.8469875}}
