@article{0001,
    title    = {Sub-6 GHz V2X-assisted MmWave optimal scheduling for vehicular networks},
    journal  = {Vehicular Communications},
    volume   = {41},
    pages    = {100610},
    year     = {2023},
    issn     = {2214-2096},
    doi      = {https://doi.org/10.1016/j.vehcom.2023.100610},
    url      = {https://www.sciencedirect.com/science/article/pii/S2214209623000402},
    author   = {Chenyuan He and Lu Zhao and Yan Wan and Hongsheng Lu and Takayuki Shimizu},
    keywords = {Vehicular networks, Millimeter wave communication, V2X data features, Scheduling, Mixed-integer sum-of-ratios optimization}
}

@article{0002,
    author  = {Gapeyenko, Margarita and Petrov, Vitaly and Moltchanov, Dmitri and Akdeniz, Mustafa and Andreev, Sergey and Himayat, N. and Koucheryavy, Yevgeni},
    year    = {2018},
    month   = {12},
    pages   = {1-1},
    title   = {On the Degree of Multi-Connectivity in 5G Millimeter-Wave Cellular Urban Deployments},
    volume  = {PP},
    journal = {IEEE Transactions on Vehicular Technology},
    doi     = {10.1109/TVT.2018.2887343}
}

@inproceedings{0003,
    author = {va, Vutha and Zhang, Xinchen and Heath, Robert},
    year   = {2015},
    month  = {09},
    pages  = {1-5},
    title  = {Beam Switching for Millimeter Wave Communication to Support High Speed Trains},
    doi    = {10.1109/VTCFall.2015.7390855}
}

@article{0004,
    author         = {Jang, Younghoon and Raza, Syed M. and Kim, Moonseong and Choo, Hyunseung},
    title          = {Proactive Handover Decision for UAVs with Deep Reinforcement Learning},
    journal        = {Sensors},
    volume         = {22},
    year           = {2022},
    number         = {3},
    article-number = {1200},
    url            = {https://www.mdpi.com/1424-8220/22/3/1200},
    pubmedid       = {35161945},
    issn           = {1424-8220},
    doi            = {10.3390/s22031200}
}

@article{0005,
    author         = {Suarez del Valle, Ricardo and Kose, Abdulkadir and Lee, Haeyoung},
    title          = {Context-Aware Beam Selection for IRS-Assisted mmWave V2I Communications},
    journal        = {Sensors},
    volume         = {25},
    year           = {2025},
    number         = {13},
    article-number = {3924},
    url            = {https://www.mdpi.com/1424-8220/25/13/3924},
    pubmedid       = {40648181},
    issn           = {1424-8220},
    doi            = {10.3390/s25133924}
}

@article{0006,
    title    = {Handover for V2V communication in 5G using convolutional neural networks},
    journal  = {Heliyon},
    volume   = {10},
    number   = {15},
    pages    = {e35269},
    year     = {2024},
    issn     = {2405-8440},
    doi      = {https://doi.org/10.1016/j.heliyon.2024.e35269},
    url      = {https://www.sciencedirect.com/science/article/pii/S240584402411300X},
    author   = {Sarah M. Alhammad and Doaa Sami Khafaga and Mahmoud M. Elsayed and Marwa M. Khashaba and Khalid M. Hosny},
    keywords = {Connected autonomous vehicles (CAVs), Convolutional neural networks (CNN), Deep learning (DL), Received signal strength indicator (RSSI)}
}

@article{0007,
    author  = {3GPP},
    journal = {ETSI TR},
    number  = {138.901},
    title   = {5G; Study on channel model for frequencies from 0.5 to 100 GHz},
    volume  = {V15.0.0},
    year    = {2018},
    url     = {https://www.etsi.org/deliver/etsi_tr/138900_138999/138901/15.00.00_60/tr_138901v150000p.pdf}
}
